<?xml version="1.0"?>
<marc:collection xmlns:marc="http://www.loc.gov/MARC21/slim" xmlns:xsi="http://www.w3.org/2001/XMLSchema-instance" xsi:schemaLocation="http://www.loc.gov/MARC21/slim http://www.loc.gov/standards/marcxml/schema/MARC21slim.xsd">
  <marc:record>
    <marc:leader>00911cam a2200301 a 4500</marc:leader>
    <marc:controlfield tag="001">9911154383503681</marc:controlfield>
    <marc:controlfield tag="005">20180816184151.0</marc:controlfield>
    <marc:controlfield tag="008">900101s1905    pauab         000 0 eng d</marc:controlfield>
    <marc:datafield ind1=" " ind2=" " tag="010">
  <marc:subfield code="a">   05032423 </marc:subfield>
</marc:datafield>
    <marc:datafield ind1=" " ind2=" " tag="035">
  <marc:subfield code="a">(OCoLC)ocm17459584</marc:subfield>
</marc:datafield>
    <marc:datafield ind1=" " ind2=" " tag="035">
  <marc:subfield code="a">(OCoLC)17459584</marc:subfield>
</marc:datafield>
    <marc:datafield ind1=" " ind2=" " tag="035">
  <marc:subfield code="a">OHLG35140304-B</marc:subfield>
</marc:datafield>
    <marc:datafield ind1=" " ind2=" " tag="035">
  <marc:subfield code="a">(CLSI)006230788</marc:subfield>
</marc:datafield>
    <marc:datafield ind1=" " ind2=" " tag="035">
  <marc:subfield code="9">AHN6050</marc:subfield>
</marc:datafield>
    <marc:datafield ind1=" " ind2=" " tag="035">
  <marc:subfield code="a">(CStRLIN)mrc02534637</marc:subfield>
</marc:datafield>
    <marc:datafield ind1=" " ind2=" " tag="035">
  <marc:subfield code="a">1115438</marc:subfield>
</marc:datafield>
    <marc:datafield ind1=" " ind2=" " tag="035">
  <marc:subfield code="a">(PU)1115438-penndb-Voyager</marc:subfield>
</marc:datafield>
    <marc:datafield ind1=" " ind2=" " tag="040">
  <marc:subfield code="a">MH</marc:subfield>
  <marc:subfield code="c">MH</marc:subfield>
  <marc:subfield code="d">PAU</marc:subfield>
</marc:datafield>
    <marc:datafield ind1="0" ind2="0" tag="050">
  <marc:subfield code="a">G126</marc:subfield>
  <marc:subfield code="b">.C82</marc:subfield>
</marc:datafield>
    <marc:datafield ind1="1" ind2=" " tag="100">
  <marc:subfield code="a">Cornman, Oliver P.</marc:subfield>
  <marc:subfield code="q">(Oliver Perry),</marc:subfield>
  <marc:subfield code="d">1836-1930.</marc:subfield>
</marc:datafield>
    <marc:datafield ind1="1" ind2="0" tag="245">
  <marc:subfield code="a">Geography primer /</marc:subfield>
  <marc:subfield code="c">by Oliver P. Cornman and Oscar Gerson.</marc:subfield>
</marc:datafield>
    <marc:datafield ind1=" " ind2=" " tag="260">
  <marc:subfield code="a">Philadelphia ;</marc:subfield>
  <marc:subfield code="a">New York :</marc:subfield>
  <marc:subfield code="b">Hinds, Noble &amp; Eldredge,</marc:subfield>
  <marc:subfield code="c">c1905.</marc:subfield>
</marc:datafield>
    <marc:datafield ind1=" " ind2=" " tag="300">
  <marc:subfield code="a">xxii, 138 p. :</marc:subfield>
  <marc:subfield code="b">ill., maps ;</marc:subfield>
  <marc:subfield code="c">20 cm.</marc:subfield>
</marc:datafield>
    <marc:datafield ind1=" " ind2="0" tag="650">
  <marc:subfield code="a">Geography.</marc:subfield>
</marc:datafield>
    <marc:datafield ind1="1" ind2=" " tag="700">
  <marc:subfield code="a">Gerson, Oscar,</marc:subfield>
  <marc:subfield code="d">1874-</marc:subfield>
</marc:datafield>
    <marc:datafield ind1="8" ind2=" " tag="852">
  <marc:subfield code="b">vanp</marc:subfield>
  <marc:subfield code="h">910 C8141.4</marc:subfield>
</marc:datafield>
    <marc:datafield ind1=" " ind2=" " tag="965">
  <marc:subfield code="b">ark:/81431/p3pp4m</marc:subfield>
</marc:datafield>
    <marc:datafield ind1=" " ind2=" " tag="999">
  <marc:subfield code="a">f</marc:subfield>
  <marc:subfield code="b">2000/12/02</marc:subfield>
</marc:datafield>
  </marc:record>