
  <marc:record>
    <marc:leader>01139cam a2200325i 44500</marc:leader>
    <marc:controlfield tag="001">999560953503681</marc:controlfield>
    <marc:controlfield tag="005">20181106080116.0</marc:controlfield>
    <marc:controlfield tag="008">881026s1907    pauac         00110 eng d</marc:controlfield>
    <marc:datafield ind1=" " ind2=" " tag="035">
  <marc:subfield code="a">(OCoLC)ocm21933587</marc:subfield>
</marc:datafield>
    <marc:datafield ind1=" " ind2=" " tag="035">
  <marc:subfield code="a">(OCoLC)21933587</marc:subfield>
</marc:datafield>
    <marc:datafield ind1=" " ind2=" " tag="035">
  <marc:subfield code="a">(CStRLIN)PAUG88-B42189</marc:subfield>
</marc:datafield>
    <marc:datafield ind1=" " ind2=" " tag="035">
  <marc:subfield code="a">(CaOTULAS)159512010</marc:subfield>
</marc:datafield>
    <marc:datafield ind1=" " ind2=" " tag="035">
  <marc:subfield code="9">AET6859</marc:subfield>
</marc:datafield>
    <marc:datafield ind1=" " ind2=" " tag="035">
  <marc:subfield code="a">956095</marc:subfield>
</marc:datafield>
    <marc:datafield ind1=" " ind2=" " tag="035">
  <marc:subfield code="a">(PU)956095-penndb-Voyager</marc:subfield>
</marc:datafield>
    <marc:datafield ind1=" " ind2=" " tag="040">
  <marc:subfield code="a">PU</marc:subfield>
  <marc:subfield code="c">PU</marc:subfield>
</marc:datafield>
    <marc:datafield ind1=" " ind2=" " tag="043">
  <marc:subfield code="a">e-uk---</marc:subfield>
</marc:datafield>
    <marc:datafield ind1=" " ind2=" " tag="090">
  <marc:subfield code="a">BF1475</marc:subfield>
  <marc:subfield code="b">.H2 1907</marc:subfield>
  <marc:subfield code="i">10/26/88 CT</marc:subfield>
</marc:datafield>
    <marc:datafield ind1="1" ind2=" " tag="100">
  <marc:subfield code="a">Harper, Charles George,</marc:subfield>
  <marc:subfield code="d">1863-</marc:subfield>
</marc:datafield>
    <marc:datafield ind1="1" ind2="0" tag="245">
  <marc:subfield code="a">Haunted houses;</marc:subfield>
  <marc:subfield code="b">tales of the supernatural, with some account of hereditary curses and family legends,</marc:subfield>
  <marc:subfield code="c">by Charles G. Harper.</marc:subfield>
</marc:datafield>
    <marc:datafield ind1="0" ind2=" " tag="260">
  <marc:subfield code="a">Philadelphia,</marc:subfield>
  <marc:subfield code="b">J. B. Lippincott company</marc:subfield>
  <marc:subfield code="c">[1907]</marc:subfield>
</marc:datafield>
    <marc:datafield ind1=" " ind2=" " tag="300">
  <marc:subfield code="a">288 p.</marc:subfield>
  <marc:subfield code="b">illus., ports. ;</marc:subfield>
  <marc:subfield code="c">23 cm.</marc:subfield>
</marc:datafield>
    <marc:datafield ind1=" " ind2="0" tag="650">
  <marc:subfield code="a">Ghosts</marc:subfield>
  <marc:subfield code="z">Great Britain.</marc:subfield>
</marc:datafield>
    <marc:datafield ind1=" " ind2="0" tag="650">
  <marc:subfield code="a">Supernatural</marc:subfield>
</marc:datafield>
    <marc:datafield ind1=" " ind2="4" tag="650">
  <marc:subfield code="a">PRO Skilling, Joseph K. (donor)</marc:subfield>
  <marc:subfield code="5">PU</marc:subfield>
</marc:datafield>
    <marc:datafield ind1="4" ind2="1" tag="856">
  <marc:subfield code="a">z Facsimile</marc:subfield>
  <marc:subfield code="u">http://hdl.library.upenn.edu/1017/d/print/956095</marc:subfield>
</marc:datafield>
    <marc:datafield ind1=" " ind2=" " tag="950">
  <marc:subfield code="l">VPL</marc:subfield>
  <marc:subfield code="i">10/26/88 C</marc:subfield>
</marc:datafield>
    <marc:datafield ind1=" " ind2=" " tag="955">
  <marc:subfield code="l">VPL</marc:subfield>
  <marc:subfield code="c">1</marc:subfield>
  <marc:subfield code="q">g. Skilling</marc:subfield>
  <marc:subfield code="r">[00238 0603]</marc:subfield>
  <marc:subfield code="s">Recl.fr. 133.1/H238</marc:subfield>
  <marc:subfield code="i">10/26/88 C</marc:subfield>
</marc:datafield>
    <marc:datafield ind1=" " ind2=" " tag="965">
  <marc:subfield code="b">ark:/81431/p3bc7j</marc:subfield>
</marc:datafield>
    <marc:datafield ind1=" " ind2=" " tag="999">
  <marc:subfield code="a">DLA</marc:subfield>
  <marc:subfield code="b">20170509</marc:subfield>
</marc:datafield>
  </marc:record>