
  <marc:record>
    <marc:leader>01068cam a2200301 a 4500</marc:leader>
    <marc:controlfield tag="001">999734573503681</marc:controlfield>
    <marc:controlfield tag="005">20180816182710.0</marc:controlfield>
    <marc:controlfield tag="008">890223s1889    pauc    r     00010 eng d</marc:controlfield>
    <marc:datafield ind1=" " ind2=" " tag="035">
  <marc:subfield code="a">(OCoLC)ocm21917432</marc:subfield>
</marc:datafield>
    <marc:datafield ind1=" " ind2=" " tag="035">
  <marc:subfield code="a">(OCoLC)21917432</marc:subfield>
</marc:datafield>
    <marc:datafield ind1=" " ind2=" " tag="035">
  <marc:subfield code="a">(CStRLIN)PAUG89-B6895</marc:subfield>
</marc:datafield>
    <marc:datafield ind1=" " ind2=" " tag="035">
  <marc:subfield code="a">(CaOTULAS)159529169</marc:subfield>
</marc:datafield>
    <marc:datafield ind1=" " ind2=" " tag="035">
  <marc:subfield code="9">AFP1966</marc:subfield>
</marc:datafield>
    <marc:datafield ind1=" " ind2=" " tag="035">
  <marc:subfield code="a">973457</marc:subfield>
</marc:datafield>
    <marc:datafield ind1=" " ind2=" " tag="035">
  <marc:subfield code="a">(PU)973457-penndb-Voyager</marc:subfield>
</marc:datafield>
    <marc:datafield ind1=" " ind2=" " tag="040">
  <marc:subfield code="a">PU</marc:subfield>
  <marc:subfield code="c">PU</marc:subfield>
</marc:datafield>
    <marc:datafield ind1=" " ind2=" " tag="090">
  <marc:subfield code="a">BJ1681</marc:subfield>
  <marc:subfield code="b">.A77 1889a</marc:subfield>
  <marc:subfield code="i">02/23/89 CTZ</marc:subfield>
</marc:datafield>
    <marc:datafield ind1="1" ind2=" " tag="100">
  <marc:subfield code="a">Arthur, T. S.</marc:subfield>
  <marc:subfield code="q">(Timothy Shay),</marc:subfield>
  <marc:subfield code="d">1809-1885.</marc:subfield>
</marc:datafield>
    <marc:datafield ind1="1" ind2="0" tag="240">
  <marc:subfield code="a">Advice to young ladies on their duties and conduct in life.</marc:subfield>
</marc:datafield>
    <marc:datafield ind1="1" ind2="0" tag="245">
  <marc:subfield code="a">Arthur's Advice to young ladies on their duties and conduct in life /</marc:subfield>
  <marc:subfield code="c">by T.S. Arthur.</marc:subfield>
</marc:datafield>
    <marc:datafield ind1="0" ind2=" " tag="260">
  <marc:subfield code="a">Philadelphia :</marc:subfield>
  <marc:subfield code="b">Keystone Pub. Co.,</marc:subfield>
  <marc:subfield code="c">1889.</marc:subfield>
</marc:datafield>
    <marc:datafield ind1=" " ind2=" " tag="300">
  <marc:subfield code="a">248 p., [1] leaf of plates :</marc:subfield>
  <marc:subfield code="b">port. ;</marc:subfield>
  <marc:subfield code="c">20 cm.</marc:subfield>
</marc:datafield>
    <marc:datafield ind1=" " ind2=" " tag="533">
  <marc:subfield code="a">Photocopy.</marc:subfield>
  <marc:subfield code="b">Philadelphia :</marc:subfield>
  <marc:subfield code="c">University of Pennsylvania,</marc:subfield>
  <marc:subfield code="d">1989.</marc:subfield>
  <marc:subfield code="e">28 cm.</marc:subfield>
</marc:datafield>
    <marc:datafield ind1=" " ind2="0" tag="650">
  <marc:subfield code="a">Young women</marc:subfield>
</marc:datafield>
    <marc:datafield ind1=" " ind2="0" tag="650">
  <marc:subfield code="a">Conduct of life</marc:subfield>
</marc:datafield>
    <marc:datafield ind1=" " ind2=" " tag="950">
  <marc:subfield code="l">VPL</marc:subfield>
  <marc:subfield code="i">02/23/89 C</marc:subfield>
</marc:datafield>
    <marc:datafield ind1=" " ind2=" " tag="955">
  <marc:subfield code="l">VPL</marc:subfield>
  <marc:subfield code="c">1</marc:subfield>
  <marc:subfield code="q">g.I.L.L.</marc:subfield>
  <marc:subfield code="r">[01002 2015]</marc:subfield>
  <marc:subfield code="i">02/23/89 C</marc:subfield>
</marc:datafield>
    <marc:datafield ind1=" " ind2=" " tag="965">
  <marc:subfield code="b">ark:/81431/p36p48</marc:subfield>
</marc:datafield>
  </marc:record>
</marc:collection>
